@inproceedings{fernandez96software,    author = {G. Fern\'{a}ndez and S. Periaswamy and Wim Sweldens},    title = {{LIFTPACK}: {A} software package for wavelet transforms using lifting},    booktitle = {Wavelet Applications in Signal and Image Processing IV},    editor = {M. Unser and A. Aldroubi and A. F. Laine},    publisher = {Proc.\ SPIE~2825},    pages = {396-408},    year = {1996}}@article {jawerth94overview,   author = {B. Jawerth and W. Sweldens},   title = {An overview of wavelet based multiresolution analyses},   journal = {{SIAM} Reviews},   volume = {36},   number = {3},   pages = {377-412},   year = {1994}}

@Book{ChuiIntro,  author =         {Charles Chui},  title  =         {An Introduction to Wavelets},  publisher =      {Academic Press San Diego},  year =           {1992}}@Book{matrix01,  author =         {Howard L. Resnikoff and Raymond O. Wells Jr.},  title  =         {Wavelet Analysis: The Scalable Structure of Information},  publisher =      {Springer-Verlag New York},  year =           {1998}}@Book{walker,  author =         {James Walker},  title  =         {A Primer on Wavelets and Their Scientific Applications},  publisher =      {Chapman and Hall/CRC},  year =           {1999}}@Book{appliedmethods,  author =         {Singiresu S. Rao},  title  =         {Applied Numerical Methods for Engineers and Scientists},  publisher =      {Prentice Hall Upper Saddle River, New Jersey 07458},  year =           {2002}}@Book{numrecipies,  author =         {William H. Press and Saul A. Teukolsky and William T. Vetterling and Brian P. Flannery},  title  =         {Numerical Methods in C},  publisher =      {Copyright Cambridge University Press, New York},  year =           {1992}}@Book{spiegel,  author =         {Murray R. Spiegel},  title  =         {Theory and Problems of Advanced Mathematics for Engineers and Scientist},  publisher =      {McGraw-Hill},  year =           {1996}}@Book{tools,  author =         {Stephane Jaffard and Yves Meyer and Robert D. Ryan},  title  =         {Wavelets: Tools for Science and Technology},  publisher =      {Society for Industrial and Applied Mathematics Philadelphia},  year =           {2001}}@Book{victor,  author =         {Mladen Victor Wickerhauser},  title  =         {Adapted Wavelet Analysis from Theory to Software},  publisher =      {Society for Industrial and Applied Mathematics Philadelphia},  year =           {2001}}@Book{blackford,  author =         {Z.Bai,  J. Demmel and J. Dongarra and A. Ruhe and H. van der Vorst},  title  =         {Templates for the Solution of Algebraic Eigenvalue Problems: a Practical Guide},  publisher =      {SIAM, Philadelphia},  year =           {2000}}@Book{lipschutz,  author =         {Seymour Lipschutz},  title  =         {Schaum's Outlines Theory and Problems of Linear Algebra, 2nd Edition},  publisher =      {McGraw Hill New York},  year =           {1991}}@Book{tian-xiao00wavelet,  author =         {Tian-Xiao He},  title  =         {Wavelet Analysis and Multiresolution Methods (Lecture Notes in Pure and Applied Mathematics},  publisher =      {Marcel Dekker, Inc.  New York},  year =           {2000}}

@inproceedings {lederman,
	author= {Steven Huss-Lederman and Elaine M. Jacobson and J.R. Johnson and Anna Tsao and Thomas Turnbull},
	booktitle = {Proceedings of the 1996 ACM/IEEE conference on Supercomputing (CDROM)},
	title  =         {Strassen's Algorithm for Matrix Multiplication: Modeling, Analysis, and Implementation},
	year =           {1996},
	isbn = {0-89791-854-1},
	pages = {32},
	location = {Pittsburgh, Pennsylvania, United States},
	doi =  {http://doi.acm.org/10.1145/369028.369096},
	publisher = {ACM Press},
}@Article{bank,  author =         {Randolph E. Bank and Craig C. Douglas},  title  =         {Sparse Matrix Multiplication Package},  journal =        {},  year =           {2001}}

@Misc{tabor,  OPTkey = 	 {},  author = 	 {Gavin Tabor},  title = 	 {Wavelets - The Idiots Guide},  howpublished = {http://monet.me.ic.ac.uk/people/gavin/java/waveletDemos.html},  OPTmonth = 	 {},  OPTyear = 	 {},  note = 	 {Retrieved March 20, 2004},  OPTannote = 	 {}}


@Misc{graps,  OPTkey = 	 {},  author = 	 {Amara Graps},  title = 	 {Introduction to Wavelets},  howpublished = {http://www.amara.com/current/wavelet.html },  OPTmonth = 	 {},  OPTyear = 	 {},  note = 	 {Retrieved  March 20, 2004},  OPTannote = 	 {}}

@InCollection{bvpbeylkin,  author = 	 {G. Beylkin},  title = 	 {On wavelet-based algorithms for solving differential equations},  booktitle = 	 {Wavelets: Mathematics and Applications},  OPTcrossref =  {},  OPTkey = 	 {},  OPTpages = 	 {},  publisher = {CRC Press},  year = 	 {1993},  OPTeditor = 	 {},  OPTvolume = 	 {},  OPTnumber = 	 {},  OPTseries = 	 {},  OPTtype = 	 {},  OPTchapter = 	 {},  OPTaddress = 	 {},  OPTedition = 	 {},  OPTmonth = 	 {},  OPTnote = 	 {},  OPTannote = 	 {}}

@MastersThesis{
	fwtnal,
	author = {Gregory Beylkin and R. Coifman and V. Rokhlin },
	title = {Communications on pure and applied mathematics},
	chapter ={Fast Wavelet Transforms and Numerical Algorithms I},
	school = {University of Colorado},
	year = {1991},
	publisher = {Wiley, New York}
}


@InProceedings{
amsbeylkin,  
	author = {Gregory Beylkin},  
	title = {Wavelets and Fast Numerical Algorithms },   booktitle = 	 {AMS-93 
Proceedings of Symposia in Applied Mathematics},  OPTcrossref =  {},  OPTkey = 	 {},  pages = 	 {89-117},  year = 	 {1993},  OPTeditor = 	 {},  volume = 	 {47},  OPTnumber = 	 {},  OPTseries = 	 {},  OPTaddress = 	 {},  OPTmonth = 	 {},  OPTorganization = {},  OPTpublisher = {},  OPTnote = 	 {},  OPTannote = 	 {}}

@Misc{mwabeylkin,  OPTkey = 	 {},  author = 	 {G. Beylkin and D. Gines and L. Vozovoi},  title = 	 {Adaptive Solution of Partial Differential Equations in Multiwavelet Basis},  howpublished = {National Institute of Standards and Technology},  month = 	 {May},  year = 	 {1999},  note = 	 {Department of Applied Mathematics, University of Colorado, Boulder, CO},  OPTannote = 	 {}}


@Misc{waterfall,  OPTkey = 	 {},  author = 	 {Sascha Ledinsky},  title = 	 {Waterfall},  howpublished = {Internet Raytracing Competition},  month = 	 {October},  year = 	 {1998},  note = 	 {http://oz.irtc.org/ftp/pub/stills/1998-10-31/waterfa1.txt },  OPTannote = 	 {}}


@Misc{water,  OPTkey = 	 {},  author = 	 {Jaime Vives Piqueres},  title = 	 {Always running, never the same...},  howpublished = {Internet Raytracing Competition},  month = 	 {October},  year = 	 {1998},  note = 	 {http://oz.irtc.org/ftp/pub/stills/1998-10-31/running.txt },  OPTannote = 	 {}}

@Misc{watch,  OPTkey = 	 {},  author = 	 {Kevin Odhner},  title = 	 {Pocket Watch on a Gold Chain},  howpublished = {Internet Raytracing Competition},  OPTmonth = 	 {},  year = 	 {1998},  OPTnote = 	 {},  OPTannote = 	 {}}

@Misc{opera,  OPTkey = 	 {},  OPTauthor = 	 {},  title = 	 {Opera House of Lyon},  howpublished = {fabien a. p. petitcolas},  OPTmonth = 	 {},  OPTyear = 	 {},  note = 	 {open domain},  OPTannote = 	 {}}

@Misc{pentagon,  OPTkey = 	 {},  OPTauthor = 	 {},  title = 	 {Pentagon},  howpublished = {Signal and Image Processing Institute at the University of Southern California },  OPTmonth = 	 {},  OPTyear = 	 {},  note = 	 {The copyright status of this image is unclear},  OPTannote = 	 {}}

@Misc{f16,  OPTkey = 	 {},  OPTauthor = 	 {},  title = 	 {F-16},  howpublished = {Signal and Image Processing Institute at the University of Southern California},  OPTmonth = 	 {},  OPTyear = 	 {},  note = 	 {The copyright status of this image is unclear},  OPTannote = 	 {}}


@Misc{peppers,  OPTkey = 	 {},  OPTauthor = 	 {},  title = 	 {Peppers},  howpublished = {Signal and Image Processing Institute at the University of Southern California},  OPTmonth = 	 {},  OPTyear = 	 {},  note = 	 {The copyright status of this image is unclear.},  OPTannote = 	 {}}

@Misc{fishingboat,  OPTkey = 	 {},  OPTauthor = 	 {},  title = 	 {Fishing Boat},  howpublished = {Signal and Image Processing Institute at the University of Southern California},  OPTmonth = 	 {},  OPTyear = 	 {},  note = 	 {The copyright status of this image is unclear.},  OPTannote = 	 {}}


@Misc{rowland,  OPTkey = 	 {},  author = 	 {Eric W. Weisstein et al. },  title = 	 {Dual Space},  howpublished = {From MathWorld--A Wolfram Web Resource},  OPTmonth = 	 {},  year = 	 {2004},  note = 	 {http://mathworld.wolfram.com/DualSpace.html},  OPTannote = 	 {}}


@Book{digital,  author = 	 {Rafael C. Gonzolez and Richard E. Woods},  editor = 	 {Marcia J. Horton},  title = 	 {Digital Image Processing},  publisher = 	 {Prentice Hall, Inc. Upper Saddle River, New Jersey 07458},  year = 	 {2002},  OPTkey = 	 {},  OPTvolume = 	 {},  OPTnumber = 	 {},  OPTseries = 	 {},  OPTaddress = 	 {},  OPTedition = 	 {},  OPTmonth = 	 {},  OPTnote = 	 {},  OPTannote = 	 {}}


@Misc{translation,  OPTkey = 	 {},  author = 	 {Eric W. Weisstein},  title = 	 {Translation.},  howpublished = {From MathWorld--A Wolfram Web Resource},  OPTmonth = 	 {},  year = 	 {2004},  note = 	 {http://mathworld.wolfram.com/Translation.html},  OPTannote = 	 {}}@MastersThesis{,  author = 	 {},  title = 	 {},  school = 	 {},  year = 	 {},  OPTkey = 	 {},  OPTtype = 	 {},  OPTaddress = 	 {},  OPTmonth = 	 {},  OPTnote = 	 {},  OPTannote = 	 {}}