@inproceedings{fernandez96software,    author = {G. Fern\'{a}ndez and S. Periaswamy and Wim Sweldens},    title = {{LIFTPACK}: {A} software package for wavelet transforms using lifting},    booktitle = {Wavelet Applications in Signal and Image Processing IV},    editor = {M. Unser and A. Aldroubi and A. F. Laine},    publisher = {Proc.\ SPIE~2825},    pages = {396-408},    year = {1996}}@article {jawerth94overview,   author = {B. Jawerth and W. Sweldens},   title = {An overview of wavelet based multiresolution analyses},   journal = {{SIAM} Reviews},   volume = {36},   number = {3},   pages = {377-412},   year = {1994}}@Book{morel95variational,  author =         {Jean-Michel Morel and Sergio Solimini},  title  =         {Variational Methods in Image Segmentation},  publisher =      {Birkh\"auser},  year =           {1995}}@Book{trucco98introductory,  author =         {Emanuele Trucco and Alessandro Verri},  title  =         {Introductory Techniques for {3D} Computer Vision},  publisher =      {Prentice Hall},  year =           {1998}}@Book{faugeras93three-dimensional,  author =         {Olivier Faugeras},  title  =         {Three-Dimensional Computer Vision},  publisher =      {{MIT} Press},  year =           {1993}}@MastersThesis{moore03intelligent,  author =         {Brett Moore},  title  =         {An Intelligent Agent for Closed-Loop Sedation of Simulated ICU Patients},  school =         {Texas Tech University},  year =           {2003}}@InProceedings{prasad01color,  author =         {B.G. Prasad and S.K. Gupta and K.K. Biswas},  title  =         {Color and Shape Index for Region-Based Image Retrieval},  booktitle =      {Lecture Notes in Computer Science (LNCS 2059)},  year =           {2001}}@InProceedings{ferrari03wide-baseline,  author =         {Vittorio Ferrari and Tinne Tuytelaars and Luc Van Gool},  title  =         {Wide-baseline Multiple-view Correspondences},  booktitle =      {Computer Vision and Pattern Recognition},  year =           {2003}}@InProceedings{tuytelaarswide,  author =         {Tinne Tuytelaars and Luc Van Gool},  title  =         {Wide Baseline Stereo Matching Based on Local, Affinely Invariant Regions},  booktitle =      {{BMVC}2000},  year =           {}}@InProceedings{brown03invariant,  author =         {Matthew Brown and David G. Lowe},  title  =         {Invariant features from interest point groups},  booktitle =      {British Machine Vision Conference, BMVC 2003},  year =           {2003}}@InProceedings{sceliski98layered,  author =         {J Shade, S Gortler, L He, R Sceliski},  title  =         {Layered Depth Images},  booktitle =      {SIGGRAPH 98 Proceedings},  year =           {1998}}@InProceedings{mcallister00relif,  author =         {Manuel Oliverira, Gary Bishop, David McAllister},  title  =         {Relif Texture Mapping},  booktitle =      {Proceedings of SIGGRAPH 2000},  year =           {2000}}@InProceedings{williams93view,  author =         {Shenchang Eric Shen, Lance Williams},  title  =         {View Interpolation Chen, Lance Williams},  booktitle =      {SIGGRAPH 93 Proceedings},  year =           {1993}}@InProceedings{malik96modeling,  author =         {Paul E. Debevec, Camillo Taylor, Jitendra Malik},  title  =         {Modeling and Rendering Architecture from Photographs: A hybrid geometry- and image-based approach},  booktitle =      {SIGGRAPH 96 Proceedings},  year =           {96}}@InProceedings{dyer96view,  author =         {Steven M. Seitz, Charles R. Dyer},  title  =         {View Morphing},  booktitle =      {Proceedings of SIGGRAPH '96},  year =           {1996}}@InProceedings{aliaga03interactive,  author =         {Daniel Aliaga and Dimah Yanovsky and Thomas Funkhouser and Ingrid Carlbom},  title  =         {Interactive Image-Based Rendering Using Feature Globalization},  booktitle =      {Proceedings in ACM Symposium on Interactive 3D Graphics},  year =           {2003}}@Article{schaufler96three,  author =         {G. Schaufler and W. Sturzlinger},  title  =         {A three dimensional image cache for virtual reality.},  journal =        {Computer Graphics Forum},  year =           {1996}}@InProceedings{levoy96light,  author =         {Marc Levoy and Pat Hanrahan},  title  =         {Light Field Rendering},  booktitle =      {Proceedings of SIGGRAPH '96},  year =           {1996}}@InProceedings{gortler96lumigraph,  author =         {Steven Gortler and Radek Grzeszczuk and Richard Szeliski and Micheal Cohen},  title  =         {The Lumigraph},  booktitle =      {Proceedings of SIGGRAPH '96},  year =           {1996}}@InProceedings{aliaga02images,  author =         {Daniel Aliaga and Thomas Fuckhouser and Dimah Yanovsky and Ingrid Carlbom},  title  =         {Sea of Images},  booktitle =      {Proceedings of IEEE Visualization},  year =           {2002}}@InProceedings{szeliski97creating,  author =         {Richard Szeliski and Heung-Yueng Shum},  title  =         {Creating Full View Panoramic Image Mosacis and Environment Maps},  booktitle =      {SIGGRAPH 97 Proceedings},  year =           {1997}}@InProceedings{chang99tree:,  author =         {Chun-Fa Chang and Gary Bishop and Anselmo Lastra},  title  =         {LDI Tree: A Hierarchial Representation for Image-Based Rendering},  booktitle =      {SIGGRAPH 99 Proceedings},  year =           {1999}}@Book{watt00computer,  author =         {Alan Watt},  title  =         {3D Computer Graphics},  publisher =      {Addison-Wesley},  year =           {2000}}@Book{forsyth03computer,  author =         {David A. Forsyth},  title  =         {Computer Vision: A Modern Approach},  publisher =      {Prentice Hall},  year =           {2003}}@Book{gonzalez02digital,  author =         {Rafael C. Gonzalez and Richard E. Woods},  title  =         {Digital Image Processing (Second Edition)},  publisher =      {Prentice Hall},  year =           {2002}}@Book{shapiro01computer,  author =         {Linda G. Shapiro and George C. Stockman},  title  =         {Computer Vision},  publisher =      {Prentice Hall},  year =           {2001}}@InProceedings{mumford85boundary,  author =         {D. Mumford and J. Shah},  title  =         {Boundary detection by minimizing functionals},  booktitle =      {{CVPR} '85},  year =           {1985}}@Article{mumford89optimal,  author =         {D. Mumford and J. Shah},  title  =         {Optimal approximations by piecewise smooth functions and associated variational problems},  journal =        {Communictions of Pure and Applied Mathematics},  year =           {1989}}@Book{blake87visual,  author =         {Andrew Blake and Andrew Zisserman},  title  =         {Visual Reconstruction},  publisher =      {The MIT Press},  year =           {1987}}@Article{vese02multiphase,  author =         {L. Vese and T. Chan},  title  =         {A multiphase level set framework for image segmentation using the Mumford and Shah model},  journal =        {International Journal of Computer Vision},  year =           {2002}}@Article{chambolle95image,  author =         {A. Chambolle},  title  =         {Image segmentation by variational methods: Mumford and Shah functional and the discrete approximations},  journal =        {SIAM Journal of Applied Mathematics},  year =           {1995}}@Article{chun96region,  author =         {Song Chun Zhu and Alan Yuille},  title  =         {Region Competition: Unifying snakes, region growing, and {B}ayes/{MDL} for multi-band image segmentation},  journal =        {IEEE PAMI},  year =           {1996}}@Article{j.00normalized,  author =         {J. Shi and J. Malik},  title  =         {Normalized cuts and image segmentation.},  journal =        {IEEE Transactions on Pattern Analysis and Machine Intelligence},  year =           {2000}}@InProceedings{paragios00coupled,  author =         {Nikos Paragios and Rachid Deriche},  title  =         {Coupled Active Regions for Image Segmentation: A Level Set Approach (1999)},  booktitle =      {ECCV},  year =           {2000}}@Article{cremers02diffusion,  author =         {Daniel Cremers and Florian Tischh{\"a}user and Joachim Weickert and Cristoph Schn{\"o}rr},  title  =         {Diffusion snakes: introducing statistical shape knowledge into the Mumford--Shah functional},  journal =        {International Journal of Computer Vision},  year =           {2002}}@Article{bourdin00implementation,  author =         {Blaise Bourdin and Antonin Chambolle},  title  =         {Implementation of an adaptive finite-element approximation of the Mumford-Shah functional},  journal =        {Numerische Mathematik},  year =           {2000}}@Article{bourdin99image,  author =         {Blaise Bourdin},  title  =         {Image segmentation with a finite element method},  journal =        {Mathematical Modelling and Numerical Analysis},  year =           {1999}}@Article{chambolle99finite-differences,  author =         {Antonin Chambolle},  title  =         {Finite-differences discretizations of the mumford-shah functional},  journal =        {Mathematical Modelling and Numerical Analysis},  year =           {1999}}@InProceedings{pfister00surfels:,  author =         {Hanspeter Pfister and Matthias Zwicker and Jeroen van Baar and Markus Gross},  title  =         {Surfels: Surface Elements as Rendering Primitives},  booktitle =      {Siggraph 2000, Computer Graphics Proceedings},  year =           {2000}}@InProceedings{schirmacher00high-quality,  author =         {Hartmut Schirmacher and Wolfgang Heidrich and Hans-Peter Seidel},  title  =         {High-Quality Interactive Lumigraph Rendering Through Warping},  booktitle =      {Graphics Interface},  year =           {2000}}@InProceedings{tuytelaars00wide,  author =         {Tinne Tuytelaars and Luc Van Gool},  title  =         {Wide Baseline Stereo Matching Based on Local, Affinely Invariant Regions},  booktitle =      {{BMVC} 2000},  year =           {2000}}@InProceedings{pritchett01wide,  author =         {Philip Pritchett and Andrew Zisserman},  title  =         {Wide Baseline Stereo Matching},  booktitle =      {Proceedings of the {ICCV}},  year =           {2001}}@InProceedings{matas02local,  author =         {Jiri Matas and Stephan Obdrzalek and Ondrej Chum},  title  =         {Local Affine Frames for Wide-Baseline Stereo},  booktitle =      {International Conference on Pattern Recognition ({ICPR} 2002)},  year =           {2002}}@Article{zhang95robust,  author =         { Zhengyou Zhang and Rachid Deriche and Olivier Faugeras and Quang-Tuan Luong},  title  =         { Robust Technique for Matching Two Uncalibrated Images Through the Recovery of the Unknown Epipolar Geometry},  journal =        {Artificial Intelligence Journal},  year =           {1995}}@Book{ChuiIntro,  author =         {Charles Chui},  title  =         {An Introduction to Wavelets},  publisher =      {Academic Press San Diego},  year =           {1992}}@Book{matrix01,  author =         {Howard L. Resnikoff and Raymond O. Wells Jr.},  title  =         {Wavelet Analysis: The Scalable Structure of Information},  publisher =      {Springer-Verlag New York},  year =           {1998}}@Book{walker,  author =         {James Walker},  title  =         {A Primer on Wavelets and Their Scientific Applications},  publisher =      {Chapman & Hall/CRC},  year =           {1999}}@Book{appliedmethods,  author =         {Singiresu S. Rao},  title  =         {Applied Numerical Methods for Engineers and Scientists},  publisher =      {Prentice Hall Upper Saddle River, New Jersey 07458},  year =           {2002}}@Book{numrecipies,  author =         {William H. Press and Saul A. Teukolsky and William T. Vetterling and Brian P. Flannery},  title  =         {Numerical Methods in C},  publisher =      {Copyright Cambridge University Press, New York},  year =           {1992}}@Book{spiegel,  author =         {Murray R. Spiegel},  title  =         {Theory and Problems of Advanced Mathematics for Engineers and Scientist},  publisher =      {McGraw-Hill},  year =           {1996}}@Book{tools,  author =         {Stephane Jaffard and Yves Meyer and Robert D. Ryan},  title  =         {Wavelets: Tools for Science and Technology},  publisher =      {Society for Industrial and Applied Mathematics Philadelphia},  year =           {2001}}@Book{victor,  author =         {Mladen Victor Wickerhauser},  title  =         {Adapted Wavelet Analysis from Theory to Software},  publisher =      {Society for Industrial and Applied Mathematics Philadelphia},  year =           {2001}}@Book{blackford,  author =         {Z.Bai,  J. Demmel and J. Dongarra and A. Ruhe and H. van der Vorst},  title  =         {Templates for the Solution of Algebraic Eigenvalue Problems: a Practical Guide},  publisher =      {SIAM, Philadelphia},  year =           {2000}}@Book{lipschutz,  author =         {Seymour Lipschutz},  title  =         {Schaum's Outlines Theory and Problems of Linear Algebra, 2nd Edition},  publisher =      {McGraw Hill New York},  year =           {1991}}@Book{tian-xiao00wavelet,  author =         {Tian-Xiao He},  title  =         {Wavelet Analysis and Multiresolution Methods (Lecture Notes in Pure and Applied Mathematics},  publisher =      {Marcel Dekker, Inc.  New York},  year =           {2000}}@Article{lederman,  author =         {Steven Huss-Lederman and Elaine M. Jacobson and J.R. Johnson and Anna Tsao and Thomas Turnbull},  title  =         {Strassen's Algorithm for Matrix Multiplication: Modeling, Analysis, and Implementation},  journal =        {},  year =           {1996}}@Article{bank,  author =         {Randolph E. Bank and Craig C. Douglas},  title  =         {Sparse Matrix Multiplication Package},  journal =        {},  year =           {2001}}@Article{,  author = 	 {},  title = 	 {},  journal = 	 {},  year = 	 {},  OPTkey = 	 {},  OPTvolume = 	 {},  OPTnumber = 	 {},  OPTpages = 	 {},  OPTmonth = 	 {},  OPTnote = 	 {},  OPTannote = 	 {}}@InProceedings{,  author = 	 {},  title = 	 {},  booktitle = 	 {},  OPTcrossref =  {},  OPTkey = 	 {},  OPTpages = 	 {},  OPTyear = 	 {},  OPTeditor = 	 {},  OPTvolume = 	 {},  OPTnumber = 	 {},  OPTseries = 	 {},  OPTaddress = 	 {},  OPTmonth = 	 {},  OPTorganization = {},  OPTpublisher = {},  OPTnote = 	 {},  OPTannote = 	 {}}@InCollection{,  author = 	 {},  title = 	 {},  booktitle = 	 {},  OPTcrossref =  {},  OPTkey = 	 {},  OPTpages = 	 {},  OPTpublisher = {},  OPTyear = 	 {},  OPTeditor = 	 {},  OPTvolume = 	 {},  OPTnumber = 	 {},  OPTseries = 	 {},  OPTtype = 	 {},  OPTchapter = 	 {},  OPTaddress = 	 {},  OPTedition = 	 {},  OPTmonth = 	 {},  OPTnote = 	 {},  OPTannote = 	 {}}@Book{,  ALTauthor = 	 {},  ALTeditor = 	 {},  title = 	 {},  publisher = 	 {},  year = 	 {},  OPTkey = 	 {},  OPTvolume = 	 {},  OPTnumber = 	 {},  OPTseries = 	 {},  OPTaddress = 	 {},  OPTedition = 	 {},  OPTmonth = 	 {},  OPTnote = 	 {},  OPTannote = 	 {}}@Misc{,  OPTkey = 	 {},  OPTauthor = 	 {},  OPTtitle = 	 {},  OPThowpublished = {},  OPTmonth = 	 {},  OPTyear = 	 {},  OPTnote = 	 {},  OPTannote = 	 {}}@Misc{tabor,  OPTkey = 	 {},  author = 	 {Gavin Tabor},  title = 	 {Wavelets - The Idiots Guide},  howpublished = {http://monet.me.ic.ac.uk/people/gavin/java/waveletDemos.html},  OPTmonth = 	 {},  OPTyear = 	 {},  note = 	 {Retrieved March 20, 2004},  OPTannote = 	 {}}@Misc{graps,  OPTkey = 	 {},  author = 	 {Amara Graps},  title = 	 {Introduction to Wavelets},  howpublished = {http://www.amara.com/current/wavelet.html },  OPTmonth = 	 {},  OPTyear = 	 {},  note = 	 {Retrieved  March 20, 2004},  OPTannote = 	 {}}@InCollection{bvpbeylkin,  author = 	 {G. Beylkin},  title = 	 {On wavelet-based algorithms for solving differential equations},  booktitle = 	 {Wavelets: Mathematics and Applications},  OPTcrossref =  {},  OPTkey = 	 {},  OPTpages = 	 {},  publisher = {CRC Press},  year = 	 {1993},  OPTeditor = 	 {},  OPTvolume = 	 {},  OPTnumber = 	 {},  OPTseries = 	 {},  OPTtype = 	 {},  OPTchapter = 	 {},  OPTaddress = 	 {},  OPTedition = 	 {},  OPTmonth = 	 {},  OPTnote = 	 {},  OPTannote = 	 {}}@MastersThesis{	fwtnal,	author = {Gregory Beylkin and R. Coifman and V. Rokhlin },	title = {Communications on pure and applied mathematics},	chapter ={Fast Wavelet Transforms and Numerical Algorithms I},	school = {University of Colorado},	year = {1991},	publisher = {Wiley, New York}}@InProceedings{amsbeylkin,  	author = {Gregory Beylkin},  	title = {Wavelets and Fast Numerical Algorithms },   booktitle = 	 {AMS-93 Proceedings of Symposia in Applied Mathematics},  OPTcrossref =  {},  OPTkey = 	 {},  pages = 	 {89-117},  year = 	 {1993},  OPTeditor = 	 {},  volume = 	 {47},  OPTnumber = 	 {},  OPTseries = 	 {},  OPTaddress = 	 {},  OPTmonth = 	 {},  OPTorganization = {},  OPTpublisher = {},  OPTnote = 	 {},  OPTannote = 	 {}}@Misc{mwabeylkin,  OPTkey = 	 {},  author = 	 {G. Beylkin and D. Gines and L. Vozovoi},  title = 	 {Adaptive Solution of Partial Differential Equations in Multiwavelet Basis},  howpublished = {National Institute of Standards and Technology},  month = 	 {May},  year = 	 {1999},  note = 	 {Department of Applied Mathematics, University of Colorado, Boulder, CO},  OPTannote = 	 {}}@Misc{waterfall,  OPTkey = 	 {},  author = 	 {Sascha Ledinsky},  title = 	 {Waterfall},  howpublished = {Internet Raytracing Competition},  month = 	 {October},  year = 	 {1998},  note = 	 {http://oz.irtc.org/ftp/pub/stills/1998-10-31/waterfa1.txt },  OPTannote = 	 {}}@Misc{water,  OPTkey = 	 {},  author = 	 {Jaime Vives Piqueres},  title = 	 {Always running, never the same...},  howpublished = {Internet Raytracing Competition},  month = 	 {October},  year = 	 {1998},  note = 	 {http://oz.irtc.org/ftp/pub/stills/1998-10-31/running.txt },  OPTannote = 	 {}}\bibitem {watch} Kevin Odhner \textsl {Pocket Watch on a Gold Chain} @Misc{watch,  OPTkey = 	 {},  author = 	 {Kevin Odhner},  title = 	 {Pocket Watch on a Gold Chain},  howpublished = {Internet Raytracing Competition},  OPTmonth = 	 {},  year = 	 {1998},  OPTnote = 	 {},  OPTannote = 	 {}}@Misc{opera,  OPTkey = 	 {},  OPTauthor = 	 {},  title = 	 {Opera House of Lyon},  howpublished = {fabien a. p. petitcolas},  OPTmonth = 	 {},  OPTyear = 	 {},  note = 	 {open domain},  OPTannote = 	 {}}@Misc{pentagon,  OPTkey = 	 {},  OPTauthor = 	 {},  title = 	 {Pentagon},  howpublished = {Signal and Image Processing Institute at the University of Southern California },  OPTmonth = 	 {},  OPTyear = 	 {},  note = 	 {The copyright status of this image is unclear},  OPTannote = 	 {}}@Misc{,  OPTkey = 	 {},  OPTauthor = 	 {},  title = 	 {F-16},  howpublished = {Signal and Image Processing Institute at the University of Southern California},  OPTmonth = 	 {},  OPTyear = 	 {},  note = 	 {The copyright status of this image is unclear},  OPTannote = 	 {}}@Misc{,  OPTkey = 	 {},  OPTauthor = 	 {},  title = 	 {Peppers},  howpublished = {Signal and Image Processing Institute at the University of Southern California},  OPTmonth = 	 {},  OPTyear = 	 {},  note = 	 {The copyright status of this image is unclear.},  OPTannote = 	 {}}@Misc{fishingboat,  OPTkey = 	 {},  OPTauthor = 	 {},  title = 	 {Fishing Boat},  howpublished = {Signal and Image Processing Institute at the University of Southern California},  OPTmonth = 	 {},  OPTyear = 	 {},  note = 	 {The copyright status of this image is unclear.},  OPTannote = 	 {}}@Misc{rowland,  OPTkey = 	 {},  author = 	 {Eric W. Weisstein et al. },  title = 	 {Dual Space},  howpublished = {From MathWorld--A Wolfram Web Resource},  OPTmonth = 	 {},  year = 	 {2004},  note = 	 {http://mathworld.wolfram.com/DualSpace.html},  OPTannote = 	 {}}@Misc{translation,  OPTkey = 	 {},  author = 	 {Eric W. Weisstein},  title = 	 {Translation.},  howpublished = {From MathWorld--A Wolfram Web Resource},  OPTmonth = 	 {},  year = 	 {2004},  note = 	 {http://mathworld.wolfram.com/Translation.html},  OPTannote = 	 {}}@MastersThesis{,  author = 	 {},  title = 	 {},  school = 	 {},  year = 	 {},  OPTkey = 	 {},  OPTtype = 	 {},  OPTaddress = 	 {},  OPTmonth = 	 {},  OPTnote = 	 {},  OPTannote = 	 {}}
@Book{digital,  author = 	 {Rafael C. Gonzolez and Richard E. Woods},  ALTeditor = 	 {}Marcia J. Horton,  title = 	 {Digital Image Processing},  publisher = 	 {Prentice Hall, Inc. Upper Saddle River, New Jersey 07458},  year = 	 {2002},  OPTkey = 	 {},  OPTvolume = 	 {},  OPTnumber = 	 {},  OPTseries = 	 {},  OPTaddress = 	 {},  OPTedition = 	 {},  OPTmonth = 	 {},  OPTnote = 	 {},  OPTannote = 	 {}}